    @BOOK{ller2018real,
        title={Real-Time Rendering, Fourth Edition},
        author={ller, T.A.M. and Haines, E. and Hoffman, N.},
        isbn={9781351816151},
        year={2018},
        publisher={CRC Press}
    }
    @BOOK{de2020learn,
      title={Learn OpenGL: Learn Modern OpenGL Graphics Programming in a Step-by-step Fashion.},
      author={de Vries, J.},
      isbn={9789090332567},
      year={2020},
      publisher={Kendall \& Welling}
    }
    @ARTICLE{reeves1983particle,
      title={Particle systemsâ€”a technique for modeling a class of fuzzy objects},
      author={Reeves, William T},
      journal={ACM Transactions On Graphics (TOG)},
      year={1983},
      ISSN={07300301, 15577368},
      publisher={ACM New York, NY, USA}
    }
    @inproceedings{witkin1999particle,
      title={Particle system dynamics},
      author={Witkin, Andrew},
      booktitle={Proceedings of ACM SIGGRAPH},
      volume={99},
      year={1999},
      organization={Citeseer}
    }
    @inproceedings{levoy1996light,
        title={Light field rendering},
        author={Levoy, Marc and Hanrahan, Pat},
        booktitle={Proceedings of the 23rd annual conference on Computer graphics and interactive techniques},
        year={1996}
    }
    @webpage{glrefpages,
      title =        "OpenGL and OpenGL ES Reference Pages",
      publisher =    "Khronos Group",
      howpublished = "online",
      cited =        "2022-04-04"
    }
    @book{zara2004moderni,
      title={Modern{\'\i} po{\v{c}}{\'\i}ta{\v{c}}ov{\'a} grafika},
      author={{\v{Z}}{\'a}ra, J. and Bene{\v{s}}, B. and Sochor, J. and Felkel, P.},
      isbn={9788025104545},
      year={2004},
      publisher={Computer Press}
    }
    
    @article{bergen1991plenoptic,
  title={The plenoptic function and the elements of early vision},
  author={Bergen, James R and Adelson, Edward H},
  journal={Computational models of visual processing},
  year={1991},
  publisher={MIT press}
}

@inproceedings{gortler1996lumigraph,
  title={The lumigraph},
  author={Gortler, Steven J and Grzeszczuk, Radek and Szeliski, Richard and Cohen, Michael F},
  booktitle={Proceedings of the 23rd annual conference on Computer graphics and interactive techniques},
  year={1996}
}

@article{barina2021comparison,
  title={Comparison of light field compression methods},
  author={Barina, David and Solony, Marek and Chlubna, Tomas and Dlabaja, Drahomir and Klima, Ondrej and Zemcik, Pavel},
  journal={Multimedia Tools and Applications},
  year={2021},
  ISSN={1573-7721},
  publisher={Springer}
}

@article{por2019nyquist,
  title={Nyquist--Shannon sampling theorem},
  author={Por, Emiel and van Kooten, Maaike and Sarkovic, Vanja},
  journal={Leiden University},
  year={2019}
}

@book{foley1994introduction,
  title={Introduction to computer graphics},
  author={Foley, James D and Van Dam, Andries and Feiner, Steven K and Hughes, John F and Phillips, Richard L},
  volume={55},
  year={1994},
  ISBN={9780201609219},
  publisher={Addison-Wesley Reading}
}

   @webpage{lightfieldarchive,
      title = "Synthetic Light Field Archive",
      author = "Gordon Wetzstein",
      howpublished = "online",
      cited =  "2022-04-26"
    }

